<?xml version="1.0" encoding="UTF-8"?><record xmlns="http://www.loc.gov/MARC21/slim" xmlns:cinclude="http://apache.org/cocoon/include/1.0" xmlns:zs="http://www.loc.gov/zing/srw/">
  <leader>01272cz  a2200193n  4500</leader>
  <controlfield tag="001">n 2015011763</controlfield>
  <controlfield tag="003">DLC</controlfield>
  <controlfield tag="005">20150225162604.0</controlfield>
  <controlfield tag="008">150223n| azannaabn          |b ana      </controlfield>
  <datafield tag="010" ind1=" " ind2=" ">
    <subfield code="a">n 2015011763</subfield>
  </datafield>
  <datafield tag="040" ind1=" " ind2=" ">
    <subfield code="a">DLC</subfield>
    <subfield code="b">eng</subfield>
    <subfield code="e">rda</subfield>
    <subfield code="c">DLC</subfield>
    <subfield code="d">DLC</subfield>
  </datafield>
  <datafield tag="046" ind1=" " ind2=" ">
    <subfield code="s">2012</subfield>
  </datafield>
  <datafield tag="111" ind1="2" ind2=" ">
    <subfield code="a">Seminar "Problemy restavrat︠s︡ii i obespechenii︠a︡ sokhrannosti pami︠a︡tnikov kulʹtury i istorii" :</subfield>
    <subfield code="d">(2011 :</subfield>
    <subfield code="c">Saint Petersburg, Russia)</subfield>
  </datafield>
  <datafield tag="370" ind1=" " ind2=" ">
    <subfield code="c">Russia (Federation)</subfield>
    <subfield code="2">naf</subfield>
  </datafield>
  <datafield tag="377" ind1=" " ind2=" ">
    <subfield code="a">rus</subfield>
  </datafield>
  <datafield tag="411" ind1="2" ind2=" ">
    <subfield code="a">Семинар "Проблемы реставрации и обеспечения сохранности памятников культуры и истории"</subfield>
    <subfield code="d">(2011 :</subfield>
    <subfield code="c">Saint Petersburg, Russia)</subfield>
  </datafield>
  <datafield tag="667" ind1=" " ind2=" ">
    <subfield code="a">See also related access points for individual instances of this conference, which include specific information about the number, date, or place of individual conferences.</subfield>
  </datafield>
  <datafield tag="667" ind1=" " ind2=" ">
    <subfield code="a">Non-Latin script reference not evaluated.</subfield>
  </datafield>
  <datafield tag="670" ind1=" " ind2=" ">
    <subfield code="a">Kulʹturnoe nasledie, 2012:</subfield>
    <subfield code="b">t.p. verso (Семинар "Проблемы реставрации и обеспечения сохранности памятников культуры и истории" = Seminar "Problemy restavrat︠s︡ii i obespechenii︠a︡ sokhrannosti pami︠a︡tnikov kulʹtury i istorii" ; held in 2011)</subfield>
  </datafield>
</record>